@inproceedings{covid,
	title={Covid-19},
	year={2021},
	howpublished = "\url{https://en.wikipedia.org/wiki/COVID-19}",
	organization={Wikipedia}
}

@inproceedings{smarttv,
	title={Report: Smart TVs Account For 50\% of TVs Overall; Found in 70\% of TV Homes},
	year={2021},
	howpublished = "\url{https://www.mediaplaynews.com/report-smart-tvs-account-for-50-percent-of-tvs-overall-found-in-70-percent-tv-homes/}"
}

@inproceedings{microp,
	title={ATTINY85V-10SU},
	year={2021},
	howpublished = "\url{https://pt.mouser.com/ProductDetail/Microchip-Technology-Atmel/ATTINY85V-10SU?qs=8jWQYweyg6NQ5xH6egcL8w==}"
}

@inproceedings{ir,
	title={IR Emitter},
	year={2021},
	howpublished = "\url{https://www.sparkfun.com/datasheets/Components/LED/YSL-R531FR2C-F1.pdf}"
}

@inproceedings{arduino,
	title={Arduino Software},
	year={2021},
	howpublished = "\url{https://www.arduino.cc/en/software}"
}

@inproceedings{RokuVoiceRemote,
	title={Roku Voice Remote},
	year={2021},
	howpublished = "\url{https://www.amazon.com/Roku-RCAL7R-Voice-Remote-New/dp/B07WVFCKSS?ref_=fspcr_pl_dp_1_10967581}",
	organization={Amazon}
}

@inproceedings{AppleTVRemote ,
	title={Apple TV Remote},
	year={2021},
	howpublished = "\url{https://www.amazon.com/Apple-MM4T2AM-A-TV-Remote/dp/B01DN08VAY?ref_=fspcr_pl_dp_3_10967581}",
	organization={Amazon}
}

@inproceedings{DIRECTV_RC73,
	title={DIRECTV RC73 IR/RF Remote Control},
	year={2021},
	howpublished = "\url{https://www.amazon.com/DIRECTV-RC73-IR-Remote-Control/dp/B00WY0077A?ref_=fspcr_pl_dp_6_10967581}",
	organization={Amazon}
}

@inproceedings{UniversalRemoteControl_Samsung,
	title={Universal Remote Control Replacement for Samsung Smart-TV},
	year={2021},
	howpublished = "\url{ghg}",
	organization={Amazon}
}

@inproceedings{UniversalRemoteControl_Samsung,
	title={Universal Remote Control Replacement for Samsung Smart-TV},
	year={2021},
	howpublished = "\url{https://www.amazon.com/Replacement-Control-Samsung-Smart-TV-Netflix/dp/B083M1BLT5/ref=bmx_dp_c7a86pqn_2/138-9248123-8556452?pd_rd_w=GOibj&pf_rd_p=f43599e0-aaab-4357-b62a-afc3efe44d3b&pf_rd_r=C72XSEMYRANB0G68515G&pd_rd_r=df7191b6-632c-4f68-920f-20ff87139083&pd_rd_wg=zNtPL&pd_rd_i=B083M1BLT5&psc=1}",
	organization={Amazon}
}

