@article{energy_crisis,
	author = {Christopher Helman},
	title={Energy Crisis 2021: How Bad Is It, And How Long Will It Last?},
	journal = {Forbes},
	year={2021},
	note = {https://www.forbes.com/sites/christopherhelman/2021/10/19/energy-crisis-2021-how-bad-is-it-and-how-long-will-it-last/?sh=6a5feff14c63 [Accessed on 28/10/2021]}
},

@article{owidenergy,
    author = {Hannah Ritchie and Max Roser},
    title = {Energy},
    journal = {Our World in Data},
    year = {2020},
    note = {https://ourworldindata.org/energy [Accessed on 28/10/2021]}
},

@article{light_pollution,
	author = {Nadia Drake},
	title={Our nights are getting brighter, and Earth is paying the price},
	journal = {National Geographic},
	year={2019},
	note = {https://www.nationalgeographic.com/science/article/nights-are-getting-brighter-earth-paying-the-price-light-pollution-dark-skies [Accessed on 31/10/2021]}
},

@misc{telensa,
  author = {Telensa},
  title  = {Case Study: Doncaster Council: annual energy savings of £1.3 million},
  year	 = {2015},
  note   = {\url{https://info.telensa.com/doncaster-council-case-study} [Accessed on 1/11/2021]}
},

@misc{inteli_light,
  author = {FLASHNET},
  title  = {inteliLIGHT smart street lighting control},
  note   = {\url{https://www.flashnet.ro/project/intelilight/} [Accessed on 1/11/2021]}
},

@misc{street_lighting_history,
	journal = {History of Lighting},
	title  = {History of street lighting - Development of street lighting technology},
	note   = {\url{http://www.historyoflighting.net/electric-lighting-history/history-of-street-lighting/} [Accessed on 1/11/2021]}
},

@article{led_vs_hps,
	title={LED vs HPS Street Lights: What’s Better in 2020},
	journal = {HeiSolar},
	year={2020},
	note = {https://www.heisolar.com/led-vs-hps-street-lights-whats-better-in-2020/ [Accessed on 30/10/2021]}
},

@misc{cars_parked,
	journal = {RAC Foundation},
	title  = {Cars parked 23 hours a day},
	note   = {\url{https://www.racfoundation.org/media-centre/cars-parked-23-hours-a-day} [Accessed on 8/11/2021]}
},

@misc{market_growth,
	journal = {Mordor Intelligence},
	title  = {Global Connected Street Lighting Market - Growth, Trends, COVID-19 Impact, and Forecasts (2021 - 2026)},
	note   = {\url{https://www.mordorintelligence.com/industry-reports/connected-street-lights-market} [Accessed on 8/11/2021]}
},

@misc{market_growth_2,
	journal = {Arthur D. Little},
	title  = {The evolution of the street lighting market},
	note   = {\url{https://www.adlittle.com/en/insights/report/evolution-street-lighting-market} [Accessed on 8/11/2021]}
},

@misc{parking,
	journal = {intuVision},
	title  = {intuVision Parking},
	note   = {\url{https://www.intuvisiontech.com/intuvisionVA_solutions/intuvisionVA_parking} [Accessed on 8/11/2021]}
}

